<record><leader>00000cas a2200000 a 4500</leader><controlfield tag="001">10271229</controlfield><controlfield tag="008">840106d18381838mouwr ne      0    0eng  </controlfield><datafield ind1=" " ind2=" " tag="010"><subfield code="a">sn 84020034 </subfield></datafield><datafield ind1=" " ind2=" " tag="040"><subfield code="a">DLC</subfield><subfield code="b">eng</subfield><subfield code="c">DLC</subfield><subfield code="d">MQN</subfield><subfield code="d">DLC</subfield><subfield code="d">OCLCQ</subfield></datafield><datafield ind1=" " ind2=" " tag="042"><subfield code="a">pcc</subfield></datafield><datafield ind1=" " ind2=" " tag="043"><subfield code="a">n-us-mo</subfield></datafield><datafield ind1="0" ind2="0" tag="050"><subfield code="a">Newspaper 8596</subfield></datafield><datafield ind1="0" ind2="4" tag="245"><subfield code="a">The Southern Missouri advocate.</subfield></datafield><datafield ind1=" " ind2=" " tag="260"><subfield code="a">Jackson, Mo. :</subfield><subfield code="b">English &amp; Lindsay,</subfield><subfield code="c">1838.</subfield></datafield><datafield ind1=" " ind2=" " tag="300"><subfield code="a">v. ;</subfield><subfield code="c">53 cm.</subfield></datafield><datafield ind1=" " ind2=" " tag="310"><subfield code="a">Weekly</subfield></datafield><datafield ind1="1" ind2=" " tag="362"><subfield code="a">Began in Jan. 1838?</subfield><subfield code="z">Cf. Gregory, W. Amer. newspapers.</subfield></datafield><datafield ind1="0" ind2=" " tag="362"><subfield code="a">-v. 3, no. 12 (Feb. 24, 1838).</subfield></datafield><datafield ind1=" " ind2=" " tag="530"><subfield code="a">Also issued on microfilm from the Library of Congress, Photoduplication Service.</subfield></datafield><datafield ind1=" " ind2=" " tag="588"><subfield code="a">Description based on: Vol. 3, no. 7 (Jan. 20, 1838).</subfield></datafield><datafield ind1=" " ind2=" " tag="752"><subfield code="a">United States</subfield><subfield code="b">Missouri</subfield><subfield code="c">Cape Girardeau</subfield><subfield code="d">Jackson.</subfield></datafield><datafield ind1="0" ind2="0" tag="780"><subfield code="t">Southern advocate and State journal (Cape Girardeau, Mo.)</subfield></datafield><datafield ind1="0" ind2="0" tag="785"><subfield code="t">Southern advocate (Jackson, Mo. : 1838)</subfield><subfield code="w">(DLC)sn 84020035</subfield></datafield><datafield ind1="1" ind2=" " tag="029"><subfield code="a">AU@</subfield><subfield code="b">000025803469</subfield></datafield></record>